<?xml version="1.0" encoding="UTF-8"?>
<record xmlns="http://www.loc.gov/MARC21/slim">
   <leader>06789cas a2201273 a 4500</leader>
   <controlfield tag="001">900954</controlfield>
   <controlfield tag="008">870720d19852004abcar        s0     eng c</controlfield>
   <datafield tag="022" ind1="0" ind2=" ">
      <subfield code="a">0833-3777</subfield>
   </datafield>
   <datafield tag="035" ind1=" " ind2=" ">
      <subfield code="a">ocm15645825</subfield>
   </datafield>
   <datafield tag="040" ind1=" " ind2=" ">
      <subfield code="b">eng</subfield>
   </datafield>
   <datafield tag="043" ind1=" " ind2=" ">
      <subfield code="a">n-cn-ab</subfield>
   </datafield>
   <datafield tag="049" ind1=" " ind2=" ">
      <subfield code="a">AEU</subfield>
      <subfield code="b">eng</subfield>
      <subfield code="d">AEE</subfield>
   </datafield>
   <datafield tag="050" ind1="0" ind2="0">
      <subfield code="a">LB2331.615.C2</subfield>
      <subfield code="b">P75a</subfield>
   </datafield>
   <datafield tag="090" ind1=" " ind2=" ">
      <subfield code="a">GOV DOC CA2 AL AE10 A56</subfield>
      <subfield code="b">AEU</subfield>
   </datafield>
   <datafield tag="090" ind1=" " ind2=" ">
      <subfield code="a">Annual Report</subfield>
      <subfield code="b">AEE</subfield>
   </datafield>
   <datafield tag="090" ind1=" " ind2=" ">
      <subfield code="a">LB 2331.615 C22 A4 P75</subfield>
      <subfield code="b">AEU</subfield>
   </datafield>
   <datafield tag="110" ind1="2" ind2=" ">
      <subfield code="a">Private Colleges Accreditation Board (Alta.)</subfield>
   </datafield>
   <datafield tag="222" ind1=" " ind2="0">
      <subfield code="a">Annual report - Private Colleges Accreditation Board.</subfield>
   </datafield>
   <datafield tag="240" ind1="0" ind2="0">
      <subfield code="a">Annual report // Private Colleges Accreditation Board.</subfield>
   </datafield>
   <datafield tag="245" ind1="0" ind2="0">
      <subfield code="a">Annual report 1985</subfield>
      <subfield code="c">Private Colleges Accreditation Board.</subfield>
   </datafield>
   <datafield tag="246" ind1="1" ind2="3">
      <subfield code="a">Private Colleges Accreditation Board annual report.</subfield>
   </datafield>
   <datafield tag="246" ind1="1" ind2="3">
      <subfield code="a">Annual report to the Private Colleges Accreditation Board, Province of Alberta</subfield>
   </datafield>
   <datafield tag="260" ind1=" " ind2=" ">
      <subfield code="a">[Edmonton, Alta.] :</subfield>
      <subfield code="b">The Board,</subfield>
      <subfield code="c">[1985]-[2004].</subfield>
   </datafield>
   <datafield tag="300" ind1=" " ind2=" ">
      <subfield code="a">19 v. ;</subfield>
      <subfield code="c">28 cm.</subfield>
   </datafield>
   <datafield tag="310" ind1=" " ind2=" ">
      <subfield code="a">Annual.</subfield>
   </datafield>
   <datafield tag="336" ind1=" " ind2=" ">
      <subfield code="a">text</subfield>
      <subfield code="b">txt</subfield>
      <subfield code="2">rdacontent</subfield>
   </datafield>
   <datafield tag="337" ind1=" " ind2=" ">
      <subfield code="a">unmediated</subfield>
      <subfield code="b">n</subfield>
      <subfield code="2">rdamedia</subfield>
   </datafield>
   <datafield tag="338" ind1=" " ind2=" ">
      <subfield code="a">volume</subfield>
      <subfield code="b">nc</subfield>
      <subfield code="2">rdacarrier</subfield>
   </datafield>
   <datafield tag="362" ind1="0" ind2=" ">
      <subfield code="a">1984/1985-2003/04.</subfield>
   </datafield>
   <datafield tag="500" ind1=" " ind2=" ">
      <subfield code="a">Title from cover.</subfield>
   </datafield>
   <datafield tag="500" ind1=" " ind2=" ">
      <subfield code="a">Vol. for 1985/87 covers two years and has title: Report.</subfield>
   </datafield>
   <datafield tag="500" ind1=" " ind2=" ">
      <subfield code="a">At head of title of 1998-99: Annual reports to the Private Colleges Accreditation Board of the Private Colleges with Accredited Degree Programs.</subfield>
   </datafield>
   <datafield tag="515" ind1=" " ind2=" ">
      <subfield code="a">Report year ends June 30, 1985; from 1987-2003, report year ends Mar. 31; report year ends June 30, 2004.</subfield>
   </datafield>
   <datafield tag="515" ind1=" " ind2=" ">
      <subfield code="a">1998-99 also called 12th, 2003/04 also called 19th and final.</subfield>
   </datafield>
   <datafield tag="596" ind1=" " ind2=" ">
      <subfield code="a">2 38 41 43</subfield>
   </datafield>
   <datafield tag="599" ind1=" " ind2=" ">
      <subfield code="a">2</subfield>
      <subfield code="b">2003 / 2004;</subfield>
   </datafield>
   <datafield tag="610" ind1="2" ind2="0">
      <subfield code="a">Private Colleges Accreditation Board (Alta.)</subfield>
      <subfield code="v">Periodicals.</subfield>
   </datafield>
   <datafield tag="650" ind1=" " ind2="0">
      <subfield code="a">Private universities and colleges</subfield>
      <subfield code="z">Alberta</subfield>
      <subfield code="x">Accreditation</subfield>
      <subfield code="v">Periodicals.</subfield>
   </datafield>
   <datafield tag="710" ind1="2" ind2=" ">
      <subfield code="a">Private Colleges Accreditation Board (Alta.).</subfield>
      <subfield code="t">Report.</subfield>
   </datafield>
   <datafield tag="785" ind1="0" ind2="0">
      <subfield code="a">Campus Alberta Quality Council.</subfield>
      <subfield code="t">Annual report.</subfield>
   </datafield>
   <datafield tag="940" ind1=" " ind2=" ">
      <subfield code="a">NO EJOURNAL HOLDINGS</subfield>
   </datafield>
   <datafield tag="926" ind1=" " ind2=" ">
      <subfield code="a">AGL_CAP</subfield>
      <subfield code="b">ANNUALREPT</subfield>
      <subfield code="c">Annual Report 1984/1985</subfield>
      <subfield code="d">PERIODICAL</subfield>
      <subfield code="f">1</subfield>
   </datafield>
   <datafield tag="926" ind1=" " ind2=" ">
      <subfield code="a">AGL_CAP</subfield>
      <subfield code="b">ARCHIVES</subfield>
      <subfield code="c">Annual Report 1984/1985</subfield>
      <subfield code="d">NO_LOAN</subfield>
      <subfield code="f">2</subfield>
   </datafield>
   <datafield tag="926" ind1=" " ind2=" ">
      <subfield code="a">AGL_CAP</subfield>
      <subfield code="b">ANNUALREPT</subfield>
      <subfield code="c">Annual Report 1985/1987</subfield>
      <subfield code="d">PERIODICAL</subfield>
      <subfield code="f">1</subfield>
   </datafield>
   <datafield tag="926" ind1=" " ind2=" ">
      <subfield code="a">AGL_CAP</subfield>
      <subfield code="b">ARCHIVES</subfield>
      <subfield code="c">Annual Report 1985/1987</subfield>
      <subfield code="d">NO_LOAN</subfield>
      <subfield code="f">2</subfield>
   </datafield>
   <datafield tag="926" ind1=" " ind2=" ">
      <subfield code="a">AGL_CAP</subfield>
      <subfield code="b">ANNUALREPT</subfield>
      <subfield code="c">Annual Report 1987/1988</subfield>
      <subfield code="d">PERIODICAL</subfield>
      <subfield code="f">1</subfield>
   </datafield>
   <datafield tag="926" ind1=" " ind2=" ">
      <subfield code="a">AGL_CAP</subfield>
      <subfield code="b">ARCHIVES</subfield>
      <subfield code="c">Annual Report 1987/1988</subfield>
      <subfield code="d">NO_LOAN</subfield>
      <subfield code="f">2</subfield>
   </datafield>
   <datafield tag="926" ind1=" " ind2=" ">
      <subfield code="a">AGL_CAP</subfield>
      <subfield code="b">ANNUALREPT</subfield>
      <subfield code="c">Annual Report 1988/1989</subfield>
      <subfield code="d">PERIODICAL</subfield>
      <subfield code="f">1</subfield>
   </datafield>
   <datafield tag="926" ind1=" " ind2=" ">
      <subfield code="a">AGL_CAP</subfield>
      <subfield code="b">ARCHIVES</subfield>
      <subfield code="c">Annual Report 1988/1989</subfield>
      <subfield code="d">NO_LOAN</subfield>
      <subfield code="f">2</subfield>
   </datafield>
   <datafield tag="926" ind1=" " ind2=" ">
      <subfield code="a">AGL_CAP</subfield>
      <subfield code="b">ANNUALREPT</subfield>
      <subfield code="c">Annual Report 1989/1990</subfield>
      <subfield code="d">PERIODICAL</subfield>
      <subfield code="f">1</subfield>
   </datafield>
   <datafield tag="926" ind1=" " ind2=" ">
      <subfield code="a">AGL_CAP</subfield>
      <subfield code="b">ARCHIVES</subfield>
      <subfield code="c">Annual Report 1989/1990</subfield>
      <subfield code="d">NO_LOAN</subfield>
      <subfield code="f">2</subfield>
   </datafield>
   <datafield tag="926" ind1=" " ind2=" ">
      <subfield code="a">AGL_CAP</subfield>
      <subfield code="b">ANNUALREPT</subfield>
      <subfield code="c">Annual Report 1990/1991</subfield>
      <subfield code="d">PERIODICAL</subfield>
      <subfield code="f">1</subfield>
   </datafield>
   <datafield tag="926" ind1=" " ind2=" ">
      <subfield code="a">AGL_CAP</subfield>
      <subfield code="b">ARCHIVES</subfield>
      <subfield code="c">Annual Report 1990/1991</subfield>
      <subfield code="d">NO_LOAN</subfield>
      <subfield code="f">2</subfield>
   </datafield>
   <datafield tag="926" ind1=" " ind2=" ">
      <subfield code="a">AGL_CAP</subfield>
      <subfield code="b">ANNUALREPT</subfield>
      <subfield code="c">Annual Report 1991/1992</subfield>
      <subfield code="d">PERIODICAL</subfield>
      <subfield code="f">1</subfield>
   </datafield>
   <datafield tag="926" ind1=" " ind2=" ">
      <subfield code="a">AGL_CAP</subfield>
      <subfield code="b">ARCHIVES</subfield>
      <subfield code="c">Annual Report 1991/1992</subfield>
      <subfield code="d">NO_LOAN</subfield>
      <subfield code="f">2</subfield>
   </datafield>
   <datafield tag="926" ind1=" " ind2=" ">
      <subfield code="a">AGL_CAP</subfield>
      <subfield code="b">ANNUALREPT</subfield>
      <subfield code="c">Annual Report 1992/1993</subfield>
      <subfield code="d">PERIODICAL</subfield>
      <subfield code="f">1</subfield>
   </datafield>
   <datafield tag="926" ind1=" " ind2=" ">
      <subfield code="a">AGL_CAP</subfield>
      <subfield code="b">ARCHIVES</subfield>
      <subfield code="c">Annual Report 1992/1993</subfield>
      <subfield code="d">NO_LOAN</subfield>
      <subfield code="f">2</subfield>
   </datafield>
   <datafield tag="926" ind1=" " ind2=" ">
      <subfield code="a">AGL_CAP</subfield>
      <subfield code="b">ANNUALREPT</subfield>
      <subfield code="c">Annual Report 1993/1994</subfield>
      <subfield code="d">PERIODICAL</subfield>
      <subfield code="f">1</subfield>
   </datafield>
   <datafield tag="926" ind1=" " ind2=" ">
      <subfield code="a">AGL_CAP</subfield>
      <subfield code="b">ARCHIVES</subfield>
      <subfield code="c">Annual Report 1993/1994</subfield>
      <subfield code="d">NO_LOAN</subfield>
      <subfield code="f">2</subfield>
   </datafield>
   <datafield tag="926" ind1=" " ind2=" ">
      <subfield code="a">AGL_CAP</subfield>
      <subfield code="b">ANNUALREPT</subfield>
      <subfield code="c">Annual Report 1994/1995</subfield>
      <subfield code="d">PERIODICAL</subfield>
      <subfield code="f">1</subfield>
   </datafield>
   <datafield tag="926" ind1=" " ind2=" ">
      <subfield code="a">AGL_CAP</subfield>
      <subfield code="b">ARCHIVES</subfield>
      <subfield code="c">Annual Report 1994/1995</subfield>
      <subfield code="d">NO_LOAN</subfield>
      <subfield code="f">2</subfield>
   </datafield>
   <datafield tag="926" ind1=" " ind2=" ">
      <subfield code="a">AGL_CAP</subfield>
      <subfield code="b">ANNUALREPT</subfield>
      <subfield code="c">Annual Report 1995/1996</subfield>
      <subfield code="d">PERIODICAL</subfield>
      <subfield code="f">1</subfield>
   </datafield>
   <datafield tag="926" ind1=" " ind2=" ">
      <subfield code="a">AGL_CAP</subfield>
      <subfield code="b">ANNUALREPT</subfield>
      <subfield code="c">Annual Report 1996/1997</subfield>
      <subfield code="d">PERIODICAL</subfield>
      <subfield code="f">1</subfield>
   </datafield>
   <datafield tag="926" ind1=" " ind2=" ">
      <subfield code="a">AGL_CAP</subfield>
      <subfield code="b">ARCHIVES</subfield>
      <subfield code="c">Annual Report 1996/1997</subfield>
      <subfield code="d">NO_LOAN</subfield>
      <subfield code="f">2</subfield>
   </datafield>
   <datafield tag="926" ind1=" " ind2=" ">
      <subfield code="a">AGL_CAP</subfield>
      <subfield code="b">ANNUALREPT</subfield>
      <subfield code="c">Annual Report 1997/1998</subfield>
      <subfield code="d">PERIODICAL</subfield>
      <subfield code="f">1</subfield>
   </datafield>
   <datafield tag="926" ind1=" " ind2=" ">
      <subfield code="a">AGL_CAP</subfield>
      <subfield code="b">ARCHIVES</subfield>
      <subfield code="c">Annual Report 1997/1998</subfield>
      <subfield code="d">NO_LOAN</subfield>
      <subfield code="f">2</subfield>
   </datafield>
   <datafield tag="926" ind1=" " ind2=" ">
      <subfield code="a">AGL_CAP</subfield>
      <subfield code="b">ANNUALREPT</subfield>
      <subfield code="c">Annual Report 1998/1999</subfield>
      <subfield code="d">PERIODICAL</subfield>
      <subfield code="f">1</subfield>
   </datafield>
   <datafield tag="926" ind1=" " ind2=" ">
      <subfield code="a">AGL_CAP</subfield>
      <subfield code="b">ARCHIVES</subfield>
      <subfield code="c">Annual Report 1998/1999</subfield>
      <subfield code="d">NO_LOAN</subfield>
      <subfield code="f">2</subfield>
   </datafield>
   <datafield tag="926" ind1=" " ind2=" ">
      <subfield code="a">AGL_CAP</subfield>
      <subfield code="b">ANNUALREPT</subfield>
      <subfield code="c">Annual Report 1999/2000</subfield>
      <subfield code="d">PERIODICAL</subfield>
      <subfield code="f">1</subfield>
   </datafield>
   <datafield tag="926" ind1=" " ind2=" ">
      <subfield code="a">AGL_CAP</subfield>
      <subfield code="b">ARCHIVES</subfield>
      <subfield code="c">Annual Report 1999/2000</subfield>
      <subfield code="d">NO_LOAN</subfield>
      <subfield code="f">2</subfield>
   </datafield>
   <datafield tag="926" ind1=" " ind2=" ">
      <subfield code="a">AGL_CAP</subfield>
      <subfield code="b">ANNUALREPT</subfield>
      <subfield code="c">Annual Report 2000/2001</subfield>
      <subfield code="d">PERIODICAL</subfield>
      <subfield code="f">1</subfield>
   </datafield>
   <datafield tag="926" ind1=" " ind2=" ">
      <subfield code="a">AGL_CAP</subfield>
      <subfield code="b">ARCHIVES</subfield>
      <subfield code="c">Annual Report 2000/2001</subfield>
      <subfield code="d">NO_LOAN</subfield>
      <subfield code="f">2</subfield>
   </datafield>
   <datafield tag="926" ind1=" " ind2=" ">
      <subfield code="a">AGL_CAP</subfield>
      <subfield code="b">ANNUALREPT</subfield>
      <subfield code="c">Annual Report 2001/2002</subfield>
      <subfield code="d">PERIODICAL</subfield>
      <subfield code="f">1</subfield>
   </datafield>
   <datafield tag="926" ind1=" " ind2=" ">
      <subfield code="a">AGL_CAP</subfield>
      <subfield code="b">ARCHIVES</subfield>
      <subfield code="c">Annual Report 2001/2002</subfield>
      <subfield code="d">NO_LOAN</subfield>
      <subfield code="f">2</subfield>
   </datafield>
   <datafield tag="926" ind1=" " ind2=" ">
      <subfield code="a">AGL_CAP</subfield>
      <subfield code="b">ANNUALREPT</subfield>
      <subfield code="c">Annual Report 2002/2003</subfield>
      <subfield code="d">PERIODICAL</subfield>
      <subfield code="f">1</subfield>
   </datafield>
   <datafield tag="926" ind1=" " ind2=" ">
      <subfield code="a">AGL_CAP</subfield>
      <subfield code="b">ARCHIVES</subfield>
      <subfield code="c">Annual Report 2002/2003</subfield>
      <subfield code="d">NO_LOAN</subfield>
      <subfield code="f">2</subfield>
   </datafield>
   <datafield tag="926" ind1=" " ind2=" ">
      <subfield code="a">AGL_CAP</subfield>
      <subfield code="b">ANNUALREPT</subfield>
      <subfield code="c">Annual Report 2003/2004</subfield>
      <subfield code="d">PERIODICAL</subfield>
      <subfield code="f">1</subfield>
   </datafield>
   <datafield tag="926" ind1=" " ind2=" ">
      <subfield code="a">AGL_CAP</subfield>
      <subfield code="b">ARCHIVES</subfield>
      <subfield code="c">Annual Report 2003/2004</subfield>
      <subfield code="d">NO_LOAN</subfield>
      <subfield code="f">2</subfield>
   </datafield>
   <datafield tag="926" ind1=" " ind2=" ">
      <subfield code="a">UABARD</subfield>
      <subfield code="b">ON_SHELF</subfield>
      <subfield code="c">LB 2331.615 C22 A4 P75 1993/1994</subfield>
      <subfield code="d">BOOK</subfield>
      <subfield code="f">1</subfield>
   </datafield>
   <datafield tag="926" ind1=" " ind2=" ">
      <subfield code="a">UABARD</subfield>
      <subfield code="b">ON_SHELF</subfield>
      <subfield code="c">LB 2331.615 C22 A4 P75 1997/1998</subfield>
      <subfield code="d">BOOK</subfield>
      <subfield code="f">1</subfield>
   </datafield>
   <datafield tag="926" ind1=" " ind2=" ">
      <subfield code="a">UAEDUC</subfield>
      <subfield code="b">FLOOR_2</subfield>
      <subfield code="c">LB 2331.615 C22 A4 P75 1998/1999</subfield>
      <subfield code="d">BOOK</subfield>
      <subfield code="f">1</subfield>
   </datafield>
   <datafield tag="926" ind1=" " ind2=" ">
      <subfield code="a">UAEDUC</subfield>
      <subfield code="b">FLOOR_2</subfield>
      <subfield code="c">LB 2331.615 C22 A4 P75 2002/2003</subfield>
      <subfield code="d">BOOK</subfield>
      <subfield code="f">1</subfield>
   </datafield>
   <datafield tag="926" ind1=" " ind2=" ">
      <subfield code="a">UAHSS</subfield>
      <subfield code="b">GOV_INFO</subfield>
      <subfield code="c">GOV DOC CA2 AL AE10 A56 1984/1985</subfield>
      <subfield code="d">BOOK</subfield>
      <subfield code="f">1</subfield>
   </datafield>
   <datafield tag="926" ind1=" " ind2=" ">
      <subfield code="a">UAHSS</subfield>
      <subfield code="b">GOV_INFO</subfield>
      <subfield code="c">GOV DOC CA2 AL AE10 A56 1984/1985</subfield>
      <subfield code="d">BOOK</subfield>
      <subfield code="f">2</subfield>
   </datafield>
   <datafield tag="926" ind1=" " ind2=" ">
      <subfield code="a">UAHSS</subfield>
      <subfield code="b">GOV_INFO</subfield>
      <subfield code="c">GOV DOC CA2 AL AE10 A56 1985/1987</subfield>
      <subfield code="d">BOOK</subfield>
      <subfield code="f">1</subfield>
   </datafield>
   <datafield tag="926" ind1=" " ind2=" ">
      <subfield code="a">UAHSS</subfield>
      <subfield code="b">GOV_INFO</subfield>
      <subfield code="c">GOV DOC CA2 AL AE10 A56 1985/1987</subfield>
      <subfield code="d">BOOK</subfield>
      <subfield code="f">2</subfield>
   </datafield>
   <datafield tag="926" ind1=" " ind2=" ">
      <subfield code="a">UAHSS</subfield>
      <subfield code="b">GOV_INFO</subfield>
      <subfield code="c">GOV DOC CA2 AL AE10 A56 1987/1988</subfield>
      <subfield code="d">BOOK</subfield>
      <subfield code="f">1</subfield>
   </datafield>
   <datafield tag="926" ind1=" " ind2=" ">
      <subfield code="a">UAHSS</subfield>
      <subfield code="b">GOV_INFO</subfield>
      <subfield code="c">GOV DOC CA2 AL AE10 A56 1988/1989</subfield>
      <subfield code="d">BOOK</subfield>
      <subfield code="f">1</subfield>
   </datafield>
   <datafield tag="926" ind1=" " ind2=" ">
      <subfield code="a">UAHSS</subfield>
      <subfield code="b">GOV_INFO</subfield>
      <subfield code="c">GOV DOC CA2 AL AE10 A56 1989/1990</subfield>
      <subfield code="d">BOOK</subfield>
      <subfield code="f">1</subfield>
   </datafield>
   <datafield tag="926" ind1=" " ind2=" ">
      <subfield code="a">UAHSS</subfield>
      <subfield code="b">GOV_INFO</subfield>
      <subfield code="c">GOV DOC CA2 AL AE10 A56 1990/1991</subfield>
      <subfield code="d">BOOK</subfield>
      <subfield code="f">1</subfield>
   </datafield>
   <datafield tag="926" ind1=" " ind2=" ">
      <subfield code="a">UAHSS</subfield>
      <subfield code="b">GOV_INFO</subfield>
      <subfield code="c">GOV DOC CA2 AL AE10 A56 1991/1992</subfield>
      <subfield code="d">BOOK</subfield>
      <subfield code="f">1</subfield>
   </datafield>
   <datafield tag="926" ind1=" " ind2=" ">
      <subfield code="a">UAHSS</subfield>
      <subfield code="b">GOV_INFO</subfield>
      <subfield code="c">GOV DOC CA2 AL AE10 A56 1992/1993</subfield>
      <subfield code="d">BOOK</subfield>
      <subfield code="f">1</subfield>
   </datafield>
   <datafield tag="926" ind1=" " ind2=" ">
      <subfield code="a">UAHSS</subfield>
      <subfield code="b">GOV_INFO</subfield>
      <subfield code="c">GOV DOC CA2 AL AE10 A56 1993/1994</subfield>
      <subfield code="d">BOOK</subfield>
      <subfield code="f">1</subfield>
   </datafield>
   <datafield tag="926" ind1=" " ind2=" ">
      <subfield code="a">UAHSS</subfield>
      <subfield code="b">GOV_INFO</subfield>
      <subfield code="c">GOV DOC CA2 AL AE10 A56 1994/1995</subfield>
      <subfield code="d">BOOK</subfield>
      <subfield code="f">1</subfield>
   </datafield>
   <datafield tag="926" ind1=" " ind2=" ">
      <subfield code="a">UAHSS</subfield>
      <subfield code="b">GOV_INFO</subfield>
      <subfield code="c">GOV DOC CA2 AL AE10 A56 1995/1996</subfield>
      <subfield code="d">BOOK</subfield>
      <subfield code="f">1</subfield>
   </datafield>
   <datafield tag="926" ind1=" " ind2=" ">
      <subfield code="a">UAHSS</subfield>
      <subfield code="b">GOV_INFO</subfield>
      <subfield code="c">GOV DOC CA2 AL AE10 A56 1997/1998</subfield>
      <subfield code="d">BOOK</subfield>
      <subfield code="f">1</subfield>
   </datafield>
   <datafield tag="926" ind1=" " ind2=" ">
      <subfield code="a">UAHSS</subfield>
      <subfield code="b">GOV_INFO</subfield>
      <subfield code="c">GOV DOC CA2 AL AE10 A56 1998/1999</subfield>
      <subfield code="d">BOOK</subfield>
      <subfield code="f">1</subfield>
   </datafield>
   <datafield tag="926" ind1=" " ind2=" ">
      <subfield code="a">UAHSS</subfield>
      <subfield code="b">GOV_INFO</subfield>
      <subfield code="c">GOV DOC CA2 AL AE10 A56 1999/2000</subfield>
      <subfield code="d">BOOK</subfield>
      <subfield code="f">1</subfield>
   </datafield>
   <datafield tag="926" ind1=" " ind2=" ">
      <subfield code="a">UAHSS</subfield>
      <subfield code="b">GOV_INFO</subfield>
      <subfield code="c">GOV DOC CA2 AL AE10 A56 2000/2001</subfield>
      <subfield code="d">BOOK</subfield>
      <subfield code="f">1</subfield>
   </datafield>
   <datafield tag="926" ind1=" " ind2=" ">
      <subfield code="a">UAHSS</subfield>
      <subfield code="b">GOV_INFO</subfield>
      <subfield code="c">GOV DOC CA2 AL AE10 A56 2001/2002</subfield>
      <subfield code="d">BOOK</subfield>
      <subfield code="f">1</subfield>
   </datafield>
   <datafield tag="926" ind1=" " ind2=" ">
      <subfield code="a">UAHSS</subfield>
      <subfield code="b">GOV_INFO</subfield>
      <subfield code="c">GOV DOC CA2 AL AE10 A56 2003/2004</subfield>
      <subfield code="d">BOOK</subfield>
      <subfield code="f">1</subfield>
   </datafield>
   <datafield tag="927" ind1=" " ind2=" ">
      <subfield code="a">AGL_CAP</subfield>
   </datafield>
   <datafield tag="927" ind1=" " ind2=" ">
      <subfield code="b">Location</subfield>
      <subfield code="c">ANNUALREPT-- Shelved by government agency</subfield>
   </datafield>
   <datafield tag="927" ind1=" " ind2=" ">
      <subfield code="b">Library has</subfield>
      <subfield code="c">1984/1985-2003/2004</subfield>
   </datafield>
   <datafield tag="927" ind1=" " ind2=" ">
      <subfield code="a">UAEDUC</subfield>
   </datafield>
   <datafield tag="927" ind1=" " ind2=" ">
      <subfield code="b">Location</subfield>
      <subfield code="c">FLOOR_2-- LB 2331.615 C22 A4 P75</subfield>
   </datafield>
   <datafield tag="927" ind1=" " ind2=" ">
      <subfield code="b">Library has</subfield>
      <subfield code="c">1993/1994,1997/1998-1998/1999,2002/2003</subfield>
   </datafield>
   <datafield tag="927" ind1=" " ind2=" ">
      <subfield code="a">UAHSS</subfield>
   </datafield>
   <datafield tag="927" ind1=" " ind2=" ">
      <subfield code="b">Location</subfield>
      <subfield code="c">GOV_INFO-- GOV DOC CA2 AL AE10  A56</subfield>
   </datafield>
   <datafield tag="927" ind1=" " ind2=" ">
      <subfield code="b">Library has</subfield>
      <subfield code="c">1984/1985-2001/2002,2003/2004-</subfield>
   </datafield>
</record>
